@article{Hilbert1890,
    title       = {Ueber die Theorie der Algebraischen Formen},
    author      = {David Hilbert},
    journal     = {Mathematische Annalen},
    volume      = {36},
    pages       = {473--534},
    year        = {1890},
}

@book{Hilbert1928,
    title       = {{P}rinciples of {M}athematical {L}ogic},
    author      = {Wilhelm Ackermann and David Hilbert},
    year        = {1928},
    publisher   = {American Mathematical Society}
}

@article{Church1936,
    title       = {A Note on the Entscheidungsproblem},
    author      = {Alonzo Church},
    journal     = {The Journal of Symbolic Logic},
    volume      = {1},
    pages       = {40--41},
    year        = {1936}
}

@article{Turing1937,
    title       = {On computable numbers, with an application to the Entscheidungsproblem},
    author      = {Alan Turing},
    journal     = {Proceedings of the London Mathematical Society},
    volume      = {42},
    pages       = {230--265},
    year        = {1937}
}

@article{Church1940,
    title       = {A Formulation of the Simple Theory of Types},
    author      = {Alonzo Church},
    journal     = {The Journal of Symbolic Logic},
    volume      = {5},
    pages       = {56--68},
    year        = {1940}
}

@book{Kleene1952,
    title       = {{I}ntroduction to {M}etamathematics},
    author      = {Stephen Kleene},
    year        = {1952},
    publisher   = {North-Holland}
}

@phdthesis{Buchberger1965,
    title   = {An algorithm for finding a basis for the residue class ring of a zero-dimensional polynomial ideal},
    author  = {Bruno Buchberger},
    year    = {1965},
    school  = {Ph. D. thesis, University of Innsbruck, Austria}
}

@article{Saunders1997,
    title       = {The {P}{N}{A}{S} way back then},
    author      = {Saunders Mac Lane},
    journal     = {The Proceedings of the National Academy of Sciences},
    volume      = {94},
    pages       = {5983--5985},
    year        = {1997}
}

@book{Bond1999,
  title     = {{A}n {I}ntroduction to {A}bstract {M}athematics},
  author    = {Robert J. Bond and William J. Keane},
  publisher = {Waveland Press},
  edition   = {First},
  year      = {1999}
}

@book{Aluffi2009,
  title     = {{A}lgebra: {C}hapter 0},
  author    = {Paolo Aluffi},
  publisher = {American Mathematical Society},
  edition   = {First},
  year      = {2009}
}

@book{Lipovaca2011,
  title     = {{L}earn {Y}ou a {H}askell for {G}reat {G}ood!},
  author    = {Miran Lipovaƒça},
  publisher = {No Starch Press},
  year      = {2011}
}

@book{Milewski2019,
  title     = {{C}ategory {T}heory for {P}rogrammers},
  author    = {Bartosz Milewski},
  publisher = {Bartosz Milewski},
  year      = {2019}
}

@misc{Eisenberg2013,
  title         = {System FC, as implemented in GHC},
  author        = {Richard Eisenberg},
  howpublished  = {\url{https://gitlab.haskell.org/ghc/ghc/-/blob/master/docs/core-spec/core-spec.pdf}}
}

@article{Poss2014,
  title     = {Rust for functional programmers},
  author    = {Raphael Poss},
  journal   = {arXiv preprint arXiv:1407.5670},
  year      = {2014}
}

@book{Cox2015,
  title     = {{I}deals, {V}arieties, and {A}lgorithms},
  author    = {David A. Cox and John Little and Donal O'Shea},
  publisher = {Springer},
  edition   = {Fourth},
  year      = {2015}
}

@misc{Marlow2015,
  title         = {Fighting Spam with Haskell},
  author        = {Simon Marlow},
  howpublished  = {\url{https://engineering.fb.com/2015/06/26/security/fighting-spam-with-haskell/}},
  year          = {2015}
}

@book{Riehl2016,
  title     = {{C}ategory {T}heory in {C}ontext},
  author    = {Emily Riehl},
  publisher = {Courier Dover},
  year      = {2016}
}

@misc{Scott2018,
  title         = {How {Q}uantified{C}onstraints can let us put join back in {M}onad},
  author        = {Ryan Scott},
  howpublished  = {\url{https://ryanglscott.github.io/2018/03/04/how-quantifiedconstraints-can-let-us-put-join-back-in-monad/}},
  year          = {2018}
}

@misc{Prelude,
  title         = {Hackage: The Haskell Package Repository},
  howpublished  = {\url{https://hackage.haskell.org/package/base-4.17.0.0/docs/Prelude.html}},
}

@misc{M2,
  title         = {Macaulay2, a software system for research in algebraic geometry},
  author        = {Daniel Grayson and Michael Stillman},
  howpublished  = {\url{https://math.uiuc.edu/Macaulay2}}
}

@misc{Shimuuar,
  title         = {fixed-vector},
  author        = {Shimuuar},
  howpublished  = {\url{https://github.com/Shimuuar/fixed-vector}}
}

@misc{SageMath,
  title        = {{S}ageMath, the {S}age {M}athematics {S}oftware {S}ystem},
  author       = {{The Sage Developers}},
  howpublished = {\url{https://www.sagemath.org}}
}
